<?xml version="1.0" encoding="UTF-8"?><collection xmlns="http://www.loc.gov/MARC21/slim"><record><leader>00326nam--2200121-i-4500</leader><controlfield tag="001">000029720</controlfield><controlfield tag="002">20161230</controlfield><controlfield tag="005">20161230201037</controlfield><controlfield tag="008">060222s1000------------r-----000-0-eng-d</controlfield><datafield ind1=" " ind2=" " tag="245"><subfield code="a">System analysis by digital computer</subfield></datafield><datafield ind1=" " ind2=" " tag="260"><subfield code="a">New York, John Wiley, 1966. Xiv+438p</subfield></datafield><datafield ind1=" " ind2=" " tag="700"><subfield code="a">Kuo, Franklin F., Kaiser, James F</subfield></datafield><datafield ind1=" " ind2=" " tag="852"><subfield code="a">27348</subfield></datafield></record></collection>